@BOOK{c1,
AUTHOR =       "A. H. Stroud and D. Secrest",
TITLE =        "Gaussian Quadrature Formulas",
PUBLISHER =    "Englewood Cliffs, NJ: Prentice Hall",
YEAR =         "1966",
}
@BOOK{c2,
AUTHOR =       " A. H. Stroud",
TITLE =        "Approximate Calculation of Multiple Integrals",
PUBLISHER =    "Englewood Cliffs, NJ: Prentice Hall",
YEAR =         "1971",
}
@ARTICLE{c3,
  AUTHOR =       {Stroud, A. H.},
  TITLE =        {Numerical Integration Formulas of Degree Two},
  JOURNAL =      {Mathematics of Computation,American Mathematical Society},
  YEAR =         {1960},
    volume =       {14},
    number =      {69},
  pages =       {21-26},
    month =     {January},
}
@ARTICLE{c4,
  AUTHOR =       {Philip Rabinowitz and Nira Richter},
  TITLE =        {Perfectly Symmetric Two-Dimensional Integration Formulas with Minimal Numbers of Points},
  JOURNAL =      {Mathematics of Computation,American Mathematical Society},
  YEAR =         {1969},
    volume =       {23},
    number =      {108},
  pages =       {765-779},
    month =     {October},
    }
@ARTICLE{c5,
  AUTHOR =       {Robert Piessens and Ann Haegemans},
  TITLE =        {Cubature Formulas of Degree Nine for Symmetric Planar Regions},
  JOURNAL =      {Mathematics of Computation,American Mathematical Society},
  YEAR =         {1975},
    volume =       {29},
    number =      {131},
  pages =       {810-815},
    month =     {July},
}
@ARTICLE{c6,
  AUTHOR =       {Richard Franke},
  TITLE =        {Minimal Point Cubatures of Precision Seven for Symmetric Planar Regions},
  JOURNAL =      {SIAM Journal on Numerical Analysis},
  YEAR =         {1973},
  volume =       {10},
   number =      {5},
  pages =        {849-862},
  month =        {October},
}
@ARTICLE{c7,
  AUTHOR =       {Julier, S.J. and Uhlmann, J.K. and Durrant-Whyte, H.F.},
  TITLE =        {A New Method for the Nonlinear Transformation of Means and Covariances in Filters and Estimators},
  JOURNAL =      {IEEE Transactions on Automatic Control},
  YEAR =         {2000},
  volume =       {AC-45},
  number =       {3},
  pages =        {477-482},
  month =        {March},
}
@ARTICLE{c8,
  AUTHOR =       {Arasaratnam, I. and   Haykin, S.},
  TITLE =        {A general Isserlis theorem for mixed Gaussian random variables},
  JOURNAL =      {IEEE transactions on Automatic Control},
  YEAR =         {2009},
  volume =       {54},
  number =       {6},
  month =        {June},
  pages =        {1254 - 1269},
}
@ARTICLE{c9,
  AUTHOR =       {Michalowicz, J.V. and Nichols, J.M. and Bucholtz, F. and Olson, C.C.},
  TITLE =        {A general Isserlis theorem for mixed Gaussian random variables},
  JOURNAL =      {Statistics and Probability Letters},
  YEAR =         {2011},
  volume =       {81},
  number =       {8},
  month =        {August},
  pages =        {1233-1240},
}
@CONFERENCE{c10,
  author =       {Tenne, D. and Singh, T.},
  title =        {The Higher Order Unscented Filter},
  year =         {2003},
  volume =       {3},
  pages  =       {2441–2446},
  organization = {Proc. Amer. Control Conf},
}
@CONFERENCE{c11,
  author =       {Lévesque, J.-F.},
  title =        {Unscented Filtering and Nonlinear Estimation},
  year =         {2006},
  volume =       {2},
  pages  =       {819–830},
  month =        {March},
  organization = {Proceedings of the Guidance, Navigation, and Control Conference (AIAA),
}
@CONFERENCE{c12,
  author =       {Julier, S.J. and Uhlmann, J.K.},
  title =        {Unscented Filtering and Nonlinear Estimation},
  year =         {2004},
  volume =       {92},
  pages  =       {401-422},
  month =        {March},
  organization = {Proc. IEEE},
}
@ARTICLE{c13,
  AUTHOR =       {Stroud, A.H.},
  TITLE =        {Some Fifth Degree Integration Formulas for Symmetric Regions},
  JOURNAL =      {Mathematics of Computation, American Mathematical Society},
  YEAR =         {1966},
  volume =       {20},
  number =       {93},
  pages =        {90-97},
  month =        {January},
}
@ARTICLE{c14,
  AUTHOR =       {Stroud, A.H.},
  TITLE =        {Some Seventh Degree Integration Formulas for Symmetric Regions},
  JOURNAL =      {SIAM Journal on Numerical Analysis},
  YEAR =         {1967},
  volume =       {4},
  number =       {1},
  pages =        {37-44},
  month =        {March},
}
